<?xml version="1.0" encoding="UTF-8"?><collection xmlns="http://www.loc.gov/MARC21/slim"><record><leader>00412nam--2200157-i-4500</leader><controlfield tag="001">000038444</controlfield><controlfield tag="002">20161230</controlfield><controlfield tag="005">20170102172702</controlfield><controlfield tag="008">060222s1000------------r-----000-0-eng-d</controlfield><datafield ind1=" " ind2=" " tag="080"><subfield code="a">517.5+03.82+40</subfield></datafield><datafield ind1=" " ind2=" " tag="245"><subfield code="a">Recueil de problemes sur la theorie des fonctions analytiques</subfield></datafield><datafield ind1=" " ind2=" " tag="260"><subfield code="a">Moscou</subfield><subfield code="b">Edition Mir</subfield><subfield code="c">1974</subfield></datafield><datafield ind1=" " ind2=" " tag="300"><subfield code="a">447 p</subfield></datafield><datafield ind1=" " ind2=" " tag="700"><subfield code="a">Chabounine, M</subfield></datafield><datafield ind1=" " ind2=" " tag="852"><subfield code="a">47933</subfield></datafield><datafield ind1=" " ind2=" " tag="CAT"><subfield code="a">SYS</subfield><subfield code="c">20170102</subfield><subfield code="h">172702</subfield></datafield></record></collection>